<record><leader>00000cas a2200000 i 4500</leader><controlfield tag="001">878813975</controlfield><controlfield tag="008">140501d19822013pau x n       |    0eng c</controlfield><datafield ind1=" " ind2=" " tag="010"><subfield code="a">  2014264021</subfield></datafield><datafield ind1=" " ind2=" " tag="040"><subfield code="a">UPM</subfield><subfield code="b">eng</subfield><subfield code="e">rda</subfield><subfield code="c">UPM</subfield><subfield code="d">UPM</subfield><subfield code="d">OCLCF</subfield><subfield code="d">UPM</subfield></datafield><datafield ind1=" " ind2=" " tag="042"><subfield code="a">pcc</subfield></datafield><datafield ind1=" " ind2="4" tag="050"><subfield code="a">LH1.P45</subfield><subfield code="b">C36</subfield></datafield><datafield ind1="0" ind2=" " tag="130"><subfield code="a">Capitol times (Middletown (Dauphin County, Pa.))</subfield></datafield><datafield ind1="1" ind2="0" tag="245"><subfield code="a">Capitol times.</subfield></datafield><datafield ind1="3" ind2=" " tag="246"><subfield code="a">Capital times</subfield></datafield><datafield ind1="1" ind2=" " tag="246"><subfield code="i">April 2, 2001 also has title:</subfield><subfield code="a">Crap times</subfield></datafield><datafield ind1=" " ind2="1" tag="264"><subfield code="a">Middletown, Pa. :</subfield><subfield code="b">Penn State University, Capitol Campus,</subfield><subfield code="c">1982-</subfield></datafield><datafield ind1=" " ind2="2" tag="264"><subfield code="3">1986-1997</subfield><subfield code="a">[Middletown, Pa] :</subfield><subfield code="b">The Capital College</subfield></datafield><datafield ind1=" " ind2="3" tag="264"><subfield code="3">1998-2013</subfield><subfield code="a">Middletown, Pa. :</subfield><subfield code="b">Penn State Harrisburg</subfield></datafield><datafield ind1=" " ind2=" " tag="300"><subfield code="a">volumes :</subfield><subfield code="b">illustrations</subfield></datafield><datafield ind1=" " ind2=" " tag="310"><subfield code="a">Irregular</subfield></datafield><datafield ind1=" " ind2=" " tag="336"><subfield code="a">text</subfield><subfield code="b">txt</subfield><subfield code="2">rdacontent</subfield></datafield><datafield ind1=" " ind2=" " tag="337"><subfield code="a">unmediated</subfield><subfield code="b">n</subfield><subfield code="2">rdamedia</subfield></datafield><datafield ind1=" " ind2=" " tag="338"><subfield code="a">volume</subfield><subfield code="b">nc</subfield><subfield code="2">rdacarrier</subfield></datafield><datafield ind1="1" ind2=" " tag="362"><subfield code="a">Began with Vol. 17, No. 2 (November 8, 1982); ceased with: Volume 54, No. 10 (April 23, 2013).</subfield></datafield><datafield ind1=" " ind2=" " tag="515"><subfield code="a">Double issue published April 2, 2001: Volume 41, No. 13 is an April Fool's Day issue with the title "Crap Times;" Volume 41, No. 14 is the regular issue for the day.</subfield></datafield><datafield ind1=" " ind2=" " tag="515"><subfield code="a">Occasional errors in dates and numbering.</subfield></datafield><datafield ind1=" " ind2=" " tag="515"><subfield code="a">Volume XXXIX repeated in numbering; Vol. 46 repeated in numbering.</subfield></datafield><datafield ind1=" " ind2=" " tag="525"><subfield code="a">Has occasional special editions.</subfield></datafield><datafield ind1=" " ind2=" " tag="530"><subfield code="a">Some issues also published online by the Penn State University Libraries.</subfield></datafield><datafield ind1=" " ind2=" " tag="588"><subfield code="a">Description based on surrogate for: Vol. 17, No. 2 (November 8, 1982); title from caption.</subfield></datafield><datafield ind1=" " ind2=" " tag="588"><subfield code="a">Latest issue consulted: Volume 41, No. 15 (April 16, 2001) (surrogate).</subfield></datafield><datafield ind1="2" ind2="0" tag="610"><subfield code="a">Pennsylvania State University.</subfield><subfield code="b">Capitol Campus</subfield><subfield code="x">Students</subfield><subfield code="v">Newspapers.</subfield></datafield><datafield ind1="2" ind2="0" tag="610"><subfield code="a">Pennsylvania State University at Harrisburg</subfield><subfield code="x">Students</subfield><subfield code="v">Newspapers.</subfield></datafield><datafield ind1="2" ind2="0" tag="610"><subfield code="a">Penn State Harrisburg</subfield><subfield code="x">Students</subfield><subfield code="v">Newspapers.</subfield></datafield><datafield ind1="2" ind2="7" tag="610"><subfield code="a">Penn State Harrisburg.</subfield><subfield code="2">fast</subfield><subfield code="0">(OCoLC)fst00785265</subfield></datafield><datafield ind1="2" ind2="7" tag="610"><subfield code="a">Pennsylvania State University at Harrisburg.</subfield><subfield code="2">fast</subfield><subfield code="0">(OCoLC)fst00708346</subfield></datafield><datafield ind1="2" ind2="7" tag="610"><subfield code="a">Pennsylvania State University.</subfield><subfield code="b">Capitol Campus.</subfield><subfield code="2">fast</subfield><subfield code="0">(OCoLC)fst01916122</subfield></datafield><datafield ind1=" " ind2="7" tag="650"><subfield code="a">Students.</subfield><subfield code="2">fast</subfield><subfield code="0">(OCoLC)fst01136041</subfield></datafield><datafield ind1=" " ind2="7" tag="655"><subfield code="a">Newspapers.</subfield><subfield code="2">fast</subfield><subfield code="0">(OCoLC)fst01423814</subfield></datafield><datafield ind1="2" ind2=" " tag="710"><subfield code="a">Pennsylvania State University.</subfield><subfield code="b">Capitol Campus.</subfield></datafield><datafield ind1="2" ind2=" " tag="710"><subfield code="a">Pennsylvania State University at Harrisburg.</subfield></datafield><datafield ind1="2" ind2=" " tag="710"><subfield code="a">Penn State Harrisburg.</subfield></datafield><datafield ind1=" " ind2=" " tag="752"><subfield code="a">United States</subfield><subfield code="b">Pennsylvania</subfield><subfield code="c">Dauphin</subfield><subfield code="d">Middletown.</subfield></datafield><datafield ind1="0" ind2="0" tag="780"><subfield code="t">C.C. reader</subfield><subfield code="w">(DLC)  2014264020</subfield><subfield code="w">(OCoLC)878705815</subfield></datafield><datafield ind1="0" ind2="0" tag="785"><subfield code="t">Cap (Middletown (Dauphin County, Pa.))</subfield><subfield code="w">(DLC)  2014264019</subfield><subfield code="w">(OCoLC)878702493</subfield></datafield><datafield ind1="0" ind2=" " tag="787"><subfield code="t">Lion's tale (Middletown (Dauphin County, Pa.))</subfield><subfield code="w">(DLC)  2014264022</subfield><subfield code="w">(OCoLC)878823806</subfield></datafield><datafield ind1="4" ind2="1" tag="856"><subfield code="u">http://digitalnewspapers.libraries.psu.edu/Default/Skins/harrisburg/Client.asp?skin=harrisburg&amp;AW=1328110679734&amp;AppName=2</subfield></datafield></record>